<?xml version="1.0" encoding="UTF-8"?><collection xmlns="http://www.loc.gov/MARC21/slim"><record><leader>00508nam--2200181-i-4500</leader><controlfield tag="001">000002778</controlfield><controlfield tag="002">20161230</controlfield><controlfield tag="005">20161230201025</controlfield><controlfield tag="008">060222s1000------------r-----000-0-eng-d</controlfield><datafield ind1=" " ind2=" " tag="040"><subfield code="a">IFIN-HH</subfield></datafield><datafield ind1=" " ind2=" " tag="080"><subfield code="a">539.1.08</subfield></datafield><datafield ind1="1" ind2=" " tag="100"><subfield code="a">Bleuler, Ernst</subfield></datafield><datafield ind1="1" ind2="0" tag="245"><subfield code="a">Experimental nucleonics</subfield><subfield code="c">Ernst bleuler, george j. goldsmith</subfield></datafield><datafield ind1=" " ind2=" " tag="260"><subfield code="a">New York</subfield><subfield code="b">Rinehart And Company, Inc</subfield><subfield code="c">1957</subfield></datafield><datafield ind1=" " ind2=" " tag="300"><subfield code="a">XIII + 393 P</subfield></datafield><datafield ind1="1" ind2=" " tag="700"><subfield code="a">Goldsmith, George J</subfield></datafield><datafield ind1=" " ind2=" " tag="852"><subfield code="a">122275</subfield><subfield code="c">539.1.07:539.1.08</subfield></datafield><datafield ind1=" " ind2=" " tag="CAT"><subfield code="a">Sys</subfield><subfield code="c">20111018</subfield><subfield code="h">090304</subfield></datafield></record></collection>